<record><leader>00000cas a22000007a 4500</leader><controlfield tag="001">9386087</controlfield><controlfield tag="008">830407d19051915mtuwr ne      0   a0eng d</controlfield><controlfield tag="009">3770</controlfield><datafield ind1=" " ind2=" " tag="010"><subfield code="a">sn 83025319 </subfield></datafield><datafield ind1=" " ind2=" " tag="040"><subfield code="a">NPV</subfield><subfield code="b">eng</subfield><subfield code="c">NPV</subfield><subfield code="d">DLC</subfield><subfield code="d">MTL</subfield><subfield code="d">DLC</subfield><subfield code="d">OCLCQ</subfield></datafield><datafield ind1="1" ind2=" " tag="029"><subfield code="a">AU@</subfield><subfield code="b">000025811323</subfield></datafield><datafield ind1=" " ind2=" " tag="042"><subfield code="a">msc</subfield></datafield><datafield ind1=" " ind2=" " tag="043"><subfield code="a">n-us-mt</subfield></datafield><datafield ind1=" " ind2=" " tag="045"><subfield code="a">x0x1</subfield></datafield><datafield ind1=" " ind2=" " tag="052"><subfield code="a">4253</subfield><subfield code="b">P4</subfield></datafield><datafield ind1="0" ind2=" " tag="130"><subfield code="a">Inland empire (Moore, Mont.)</subfield></datafield><datafield ind1="1" ind2="4" tag="245"><subfield code="a">The Inland empire.</subfield></datafield><datafield ind1=" " ind2=" " tag="260"><subfield code="a">Moore, Mont. :</subfield><subfield code="b">Tipton &amp; Beasley,</subfield><subfield code="c">1905-</subfield></datafield><datafield ind1=" " ind2=" " tag="300"><subfield code="a">v. :</subfield><subfield code="b">ill. ;</subfield><subfield code="c">56 cm.</subfield></datafield><datafield ind1=" " ind2=" " tag="310"><subfield code="a">Weekly</subfield></datafield><datafield ind1="0" ind2=" " tag="362"><subfield code="a">Vol. 1, no. 1 (Sept. 14, 1905)-</subfield></datafield><datafield ind1=" " ind2=" " tag="500"><subfield code="a">Last issue located: Vol. 10, no. 19 (Mar. 18, 1915).</subfield></datafield><datafield ind1=" " ind2=" " tag="500"><subfield code="a">"Judith Basin's weekly."</subfield></datafield><datafield ind1=" " ind2=" " tag="500"><subfield code="a">"Republican." Cf. Ayer, 1912.</subfield></datafield><datafield ind1=" " ind2=" " tag="500"><subfield code="a">Editor: Butte H. Tipton, Sept. 14-Nov. 16, 1905; George H. Beasley, Nov. 23, 1905-Sept. 13, 1906; S.E. Peterson, Sept. 20, 1906-May 13, 1909; Edward Osmondson, May 20-Dec. 16, 1909; Guy C. Osmondson, Dec. 23, 1909-Sept. 21, 1911; Ed Osmondson, Sept. 28, 1911-Jan. 2, 1913; Guy C. Osmondson, Jan. 9, 1913-Apr. 2, 1914; H.S. Frederick, Nov. 5, 1914-Jan. [7], 1915; Guy C. Osmondson, Feb. 11-&lt;Mar. 18&gt;, 1915.</subfield></datafield><datafield ind1=" " ind2=" " tag="515"><subfield code="a">Suspended: Sept. 3-Oct. 29, 1914.</subfield></datafield><datafield ind1=" " ind2=" " tag="550"><subfield code="a">Official organ of: Fergus County American Society of Equity, Oct. 31, 1907-Apr. 6, 1911.</subfield></datafield><datafield ind1="1" ind2=" " tag="700"><subfield code="a">Osmondson, Ed.</subfield></datafield><datafield ind1=" " ind2=" " tag="752"><subfield code="a">United States</subfield><subfield code="b">Montana</subfield><subfield code="c">Fergus</subfield><subfield code="d">Moore.</subfield></datafield></record>